% Short tutorial: http://www.csse.monash.edu.au/documents/bibtex/
@article{Nascimento2009244,
title = "Statistical analysis of the Doppler broadening coincidence spectrum of electron-positron annihilation radiation in silicon ",
journal = "Nuclear Instruments and Methods in Physics Research Section A: Accelerators, Spectrometers, Detectors and Associated Equipment ",
volume = "609",
number = "2-3",
pages = "244 - 249",
year = "2009",
note = "",
issn = "0168-9002",
doi = "http://dx.doi.org/10.1016/j.nima.2009.07.051",
url = "http://www.sciencedirect.com/science/article/pii/S0168900209015575",
author = "E. do Nascimento and O. Helene and V.R. Vanin and M.T.F. da Cruz and M. Moralles",
keywords = "Doppler broadening",
keywords = "Positron annihilation",
keywords = "Least-squares method",
keywords = "Silicon "
}   
@book{ashcroft1976solid,
  title={Solid state physics},
  author={Ashcroft, N.W. and Mermin, N.D.},
  isbn={9780030493461},
  lccn={lc74009772},
  series={Science: Physics},
  url={http://books.google.nl/books?id=FRZRAAAAMAAJ},
  year={1976},
  publisher={Saunders College}
}
@book{RadiationEnergies,
  title={Practical Gamma-ray Spectroscopy},
 chapter={Appendix B: Gamma- and X-Ray Standards for Detector Calibration},
  author={Gilmore, G.},
  isbn={9781119964698},
  url={http://books.google.nl/books?id=S0Dy4hjkmmMC},
  year={2011},
  publisher={Wiley},
  pages="351-357"
}
@article{Massalski1978151,
title = "Electronic structure of Hume-Rothery phases ",
journal = "Progress in Materials Science ",
volume = "22",
number = "3-4",
pages = "164",
year = "1978",
note = "",
issn = "0079-6425",
doi = "http://dx.doi.org/10.1016/0079-6425(78)90001-4",
url = "http://www.sciencedirect.com/science/article/pii/0079642578900014",
author = "T.B Massalski and U Mizutani"
}
@book{Brouwer,
author =  {G. Brouwer},
title = {Practical Radiation Protection},
publisher = {Syntax Media, Arnhem},
year =  {2010},
}